@book{dijkstra1982selected,
  author = {Edsger W. Dijkstra},
  title = {Selected Writings on Computing: A Personal Perspective},
  year = {1982},
  publisher = {Springer-Verlag},
  pages = {329--330},
  isbn = {0-387-90652-5}
}

@inproceedings{vaswani2017attention,
  title = {Attention is All you Need},
  author = {Ashish Vaswani and Noam M. Shazeer and Niki Parmar and Jakob Uszkoreit and Llion Jones and Aidan N. Gomez and Lukasz Kaiser and Illia Polosukhin},
  booktitle = {Neural Information Processing Systems},
  year = {2017},
  url = {https://api.semanticscholar.org/CorpusID:13756489}
}
